@inproceedings{privad,
author = {Guha, Saikat and Cheng, Bin and Francis, Paul},
title = {Privad: Practical Privacy in Online Advertising},
year = {2011},
booktitle = {Proceedings of the 8th USENIX Conference on Networked Systems Design and Implementation (NSDI)},
pages = {169–182},
numpages = {14},
location = {Boston, Massachusetts, USA},
}

@inproceedings{obliviad,
  author={Backes, Michael and Kate, Aniket and Maffei, Matteo and Pecina, Kim},
  booktitle={2012 IEEE Symposium on Security and Privacy},
  title={ObliviAd: Provably Secure and Practical Online Behavioral Advertising},
  year={2012},
  pages={257--271},
  doi={10.1109/SP.2012.25}
}

@inproceedings{adnostic,
  title={Adnostic: Privacy preserving targeted advertising},
  author={Toubiana, Vincent and Narayanan, Arvind and Boneh, Dan and Nissenbaum, Helen and Barocas, Solon},
  booktitle={Proceedings Network and Distributed System Symposium (NDSS)},
  year={2010}
}

@inproceedings{adnostic+,
author = {Green, Matthew and Ladd, Watson and Miers, Ian},
title = {A Protocol for Privately Reporting Ad Impressions at Scale},
year = {2016},
isbn = {9781450341394},
url = {https://doi.org/10.1145/2976749.2978407},
doi = {10.1145/2976749.2978407},
booktitle = {Proceedings of the 2016 ACM SIGSAC Conference on Computer and Communications Security (CCS)},
pages = {1591–1601},
numpages = {11},
keywords = {privacy, cryptographic protocols, advertising},
location = {Vienna, Austria},
}

@article{pri-rtb,
title = {Pri-RTB: Privacy-preserving real-time bidding for securing mobile advertisement in ubiquitous computing},
journal = {Information Sciences},
volume = {504},
pages = {354-371},
year = {2019},
issn = {0020-0255},
doi = {https://doi.org/10.1016/j.ins.2019.07.034},
url = {https://www.sciencedirect.com/science/article/pii/S0020025519306413},
author = {Erdong Deng and Huajun Zhang and Peilin Wu and Fei Guo and Zhen Liu and Haojin Zhu and Zhenfu Cao},
keywords = {Real-time bidding, Online behavioral advertising, Homomorphic encryption},
}

@inproceedings{understanding-ad-fraud,
author = {Stone-Gross, Brett and Stevens, Ryan and Zarras, Apostolis and Kemmerer, Richard and Kruegel, Chris and Vigna, Giovanni},
title = {Understanding Fraudulent Activities in Online Ad Exchanges},
year = {2011},
isbn = {9781450310130},
url = {https://doi.org/10.1145/2068816.2068843},
doi = {10.1145/2068816.2068843},
booktitle = {Proceedings of the 2011 ACM SIGCOMM Conference on Internet Measurement Conference (IMC)},
pages = {279–294},
numpages = {16},
keywords = {online advertising, ad networks, ad fraud},
location = {Berlin, Germany},
}

@online{google-one-vpn,
 title = "Google One VPN",
 url = {https://one.google.com/about/vpn/howitworks},
 urldate = {2022-09-22},
}

@online{apple-private-relay,
 title = "Apple iCloud Private Relay",
 url = {https://www.apple.com/privacy/docs/iCloud_Private_Relay_Overview_Dec2021.PDF},
 urldate = {2022-09-22},
}

@online{safari-clicks,
 title = "Apple Safari Privacy-Preserving Click Measurement",
 url = {https://webkit.org/blog/11940/pcm-click-fraud-prevention-and-attribution-sent-to-advertiser/},
 urldate = {2022-09-22},
}

@online{google-ad-revenue,
 title = {How Google's \$150 billion advertising business works},
 url = {https://www.cnbc.com/2021/05/18/how-does-google-make-money-advertising-business-breakdown-.html},
 urldate = {2022-09-25},
}

@article{gdprizer,
  author = {Agarwal, Archita and George, Marilyn and Jeyaraj, Aaron and Schwarzkopf, Malte},
  title = {Retrofitting GDPR Compliance onto Legacy Databases},
  journal = {Proceedings of the VLDB Endowment},
  volume = 15,
  number = 4,
  url = {https://cs.brown.edu/people/malte/pub/papers/2021-vldb-gdprizer.pdf},
  year = 2021,
  month = dec,
}

@online{explorecsr-systems,
  author = {Malte Schwarzkopf},
  title = {exploreCSR: Diversity in Computer Systems Research},
  url = {https://explorecsr.cs.brown.edu/systems/},
  urldate = {2022-02-14},
}

@online{consumerreports-3rd-party-cookies,
  author = {Tanner, Adam},
  title = {Internet Advertising Is About to Change. Here's What Consumers Need to Know},
  url = {https://www.consumerreports.org/advertising-marketing/internet-advertising-is-about-to-change-third-party-cookies-a6221885875/},
  urldate = {2022-09-14}
}

@inproceedings{ibex,
  title = {Ibex: Privacy-preserving ad conversion tracking and bidding},
  author = {Zhong, Ke and Ma, Yiping and Angel, Sebastian},
  booktitle = {Proceedings of the 2022 ACM SIGSAC Conference on Computer and Computation Security (CCS)},
  month = nov,
  year = {2022},
  url = {https://www.cis.upenn.edu/~sga001/papers/ibex-ccs22.pdf}
}

@inproceedings{addax,
  title = {Addax: A fast, private, and accountable ad exchange infrastructure},
  author = {Zhong, Ke and Ma, Yiping and Mao, Yifeng and Angel, Sebastian},
  booktitle = {Proceedings of the 20th USENIX Symposium on Networked Systems Design and Implementation (NSDI)},
  month = apr,
  year = 2023,
  note = {To appear}
}

@online{google-floc,
  title = {What is FLoC?},
  author = {Dutton, Sam},
  month = mar,
  year = {2021},
  url = {https://web.dev/floc/},
  urldate = {2022-09-24},
}
@online{google-topic-based,
  title = {Private Advertising Technology Community Group Individual Draft: The Topics API},
  author = {Karlin, Josh and Kleber, Michael},
  url = {https://github.com/patcg-individual-drafts/topics},
  urldate = {2022-09-24},
}
